date,merchant,amount,balance,category,description,merchant_clean,is_recurring,is_anomaly,merchant_type,month,year,month_name
2024-01-01,EMPLOYER PAYCHECK,3431.0,8431.0,Income,Monthly salary,EMPLOYER PAYCHECK,False,False,Income,2024-01,2024,2024-01
2024-01-05,LANDLORD RENT,-1500.0,6931.0,Housing,Monthly landlord rent,LANDLORD RENT,True,True,Other,2024-01,2024,2024-01
2024-01-07,TRADER JOES,-47.07,6883.93,Groceries,Purchase at TRADER JOES,TRADER JOES,False,False,Grocery,2024-01,2024,2024-01
2024-01-07,SUBWAY SANDWICHES,-22.01,6861.92,Dining & Restaurants,Purchase at SUBWAY SANDWICHES,SUBWAY SANDWICHES,False,False,Other,2024-01,2024,2024-01
2024-01-08,WHOLE FOODS MARKET,-73.11,6788.81,Groceries,Purchase at WHOLE FOODS MARKET,WHOLE FOODS MARKET,False,False,Grocery,2024-01,2024,2024-01
2024-01-10,NETFLIX SUBSCRIPTION,-14.99,6773.82,Subscriptions,Monthly netflix subscription,NETFLIX SUBSCRIPTION,True,False,Subscription,2024-01,2024,2024-01
2024-01-11,CHICK-FIL-A,-26.5,6747.32,Dining & Restaurants,Purchase at CHICK-FIL-A,CHICK-FIL-A,False,False,Restaurant,2024-01,2024,2024-01
2024-01-12,SPOTIFY PREMIUM,-9.99,6737.33,Subscriptions,Monthly spotify premium,SPOTIFY PREMIUM,True,False,Subscription,2024-01,2024,2024-01
2024-01-13,CHEVRON GAS STATION,-64.47,6672.86,Gas & Transport,Purchase at CHEVRON GAS STATION,CHEVRON GAS STATION,False,False,Gas,2024-01,2024,2024-01
2024-01-14,KROGER GROCERY,-100.74,6572.12,Groceries,Purchase at KROGER GROCERY,KROGER GROCERY,False,False,Grocery,2024-01,2024,2024-01
2024-01-15,AWS CLOUD SERVICES,-50.0,6522.12,Utilities & Services,Monthly aws cloud services,AWS CLOUD SERVICES,True,False,Subscription,2024-01,2024,2024-01
2024-01-15,HOME DEPOT,-116.03,6406.09,Shopping & Retail,Purchase at HOME DEPOT,HOME DEPOT,False,False,Retail,2024-01,2024,2024-01
2024-01-19,CHEVRON GAS STATION,-43.49,6362.6,Gas & Transport,Purchase at CHEVRON GAS STATION,CHEVRON GAS STATION,False,False,Gas,2024-01,2024,2024-01
2024-01-23,HOME DEPOT,-70.32,6292.28,Shopping & Retail,Purchase at HOME DEPOT,HOME DEPOT,False,False,Retail,2024-01,2024,2024-01
2024-01-25,PANERA BREAD,-24.47,6267.81,Dining & Restaurants,Purchase at PANERA BREAD,PANERA BREAD,False,False,Restaurant,2024-01,2024,2024-01
2024-02-01,EMPLOYER PAYCHECK,3458.0,9725.81,Income,Monthly salary,EMPLOYER PAYCHECK,False,False,Income,2024-02,2024,2024-02
2024-02-05,LANDLORD RENT,-1500.0,8225.81,Housing,Monthly landlord rent,LANDLORD RENT,True,True,Other,2024-02,2024,2024-02
2024-02-09,KROGER GROCERY,-63.71,8162.1,Groceries,Purchase at KROGER GROCERY,KROGER GROCERY,False,False,Grocery,2024-02,2024,2024-02
2024-02-09,COSTCO WHOLESALE,-119.97,8042.13,Groceries,Purchase at COSTCO WHOLESALE,COSTCO WHOLESALE,False,False,Grocery,2024-02,2024,2024-02
2024-02-09,PIZZA HUT,-11.29,8030.84,Dining & Restaurants,Purchase at PIZZA HUT,PIZZA HUT,False,False,Restaurant,2024-02,2024,2024-02
2024-02-10,NETFLIX SUBSCRIPTION,-14.99,8015.85,Subscriptions,Monthly netflix subscription,NETFLIX SUBSCRIPTION,True,False,Subscription,2024-02,2024,2024-02
2024-02-12,SPOTIFY PREMIUM,-9.99,8005.86,Subscriptions,Monthly spotify premium,SPOTIFY PREMIUM,True,False,Subscription,2024-02,2024,2024-02
2024-02-15,AWS CLOUD SERVICES,-50.0,7955.86,Utilities & Services,Monthly aws cloud services,AWS CLOUD SERVICES,True,False,Subscription,2024-02,2024,2024-02
2024-02-15,UNITED AIRLINES,-450.0,7505.86,Travel,,UNITED AIRLINES,False,False,Other,2024-02,2024,2024-02
2024-02-20,WALMART,-103.69,7402.17,Shopping & Retail,Purchase at WALMART,WALMART,False,False,Retail,2024-02,2024,2024-02
2024-02-24,TACO BELL,-17.59,7384.58,Dining & Restaurants,Purchase at TACO BELL,TACO BELL,False,False,Restaurant,2024-02,2024,2024-02
2024-02-24,CHIPOTLE MEXICAN,-13.04,7371.54,Dining & Restaurants,Purchase at CHIPOTLE MEXICAN,CHIPOTLE MEXICAN,False,False,Restaurant,2024-02,2024,2024-02
2024-02-26,SHELL GAS STATION,-41.03,7330.51,Gas & Transport,Purchase at SHELL GAS STATION,SHELL GAS STATION,False,False,Gas,2024-02,2024,2024-02
2024-02-27,CHEVRON GAS STATION,-47.88,7282.63,Gas & Transport,Purchase at CHEVRON GAS STATION,CHEVRON GAS STATION,False,False,Gas,2024-02,2024,2024-02
2024-02-27,HOME DEPOT,-20.32,7262.31,Shopping & Retail,Purchase at HOME DEPOT,HOME DEPOT,False,False,Retail,2024-02,2024,2024-02
2024-03-01,EMPLOYER PAYCHECK,3450.0,10712.31,Income,Monthly salary,EMPLOYER PAYCHECK,False,False,Income,2024-03,2024,2024-03
2024-03-05,LANDLORD RENT,-1500.0,9212.31,Housing,Monthly landlord rent,LANDLORD RENT,True,True,Other,2024-03,2024,2024-03
2024-03-09,SAFEWAY,-113.95,9098.36,Groceries,Purchase at SAFEWAY,SAFEWAY,False,False,Grocery,2024-03,2024,2024-03
2024-03-10,NETFLIX SUBSCRIPTION,-14.99,9083.37,Subscriptions,Monthly netflix subscription,NETFLIX SUBSCRIPTION,True,False,Subscription,2024-03,2024,2024-03
2024-03-10,TRADER JOES,-98.99,8984.38,Groceries,Purchase at TRADER JOES,TRADER JOES,False,False,Grocery,2024-03,2024,2024-03
2024-03-11,OLIVE GARDEN,-20.25,8964.13,Dining & Restaurants,Purchase at OLIVE GARDEN,OLIVE GARDEN,False,False,Restaurant,2024-03,2024,2024-03
2024-03-12,SPOTIFY PREMIUM,-9.99,8954.14,Subscriptions,Monthly spotify premium,SPOTIFY PREMIUM,True,False,Subscription,2024-03,2024,2024-03
2024-03-15,AWS CLOUD SERVICES,-50.0,8904.14,Utilities & Services,Monthly aws cloud services,AWS CLOUD SERVICES,True,False,Subscription,2024-03,2024,2024-03
2024-03-15,SHELL GAS STATION,-52.64,8851.5,Gas & Transport,Purchase at SHELL GAS STATION,SHELL GAS STATION,False,False,Gas,2024-03,2024,2024-03
2024-03-15,AMAZON.COM,-35.47,8816.03,Shopping & Retail,Purchase at AMAZON.COM,AMAZON.COM,False,False,Online,2024-03,2024,2024-03
2024-03-16,SHELL GAS STATION,-44.24,8771.79,Gas & Transport,Purchase at SHELL GAS STATION,SHELL GAS STATION,False,False,Gas,2024-03,2024,2024-03
2024-03-17,COSTCO WHOLESALE,-121.67,8650.12,Groceries,Purchase at COSTCO WHOLESALE,COSTCO WHOLESALE,False,False,Grocery,2024-03,2024,2024-03
2024-03-19,TARGET STORE,-26.94,8623.18,Shopping & Retail,Purchase at TARGET STORE,TARGET STORE,False,False,Retail,2024-03,2024,2024-03
2024-03-23,PIZZA HUT,-13.94,8609.24,Dining & Restaurants,Purchase at PIZZA HUT,PIZZA HUT,False,False,Restaurant,2024-03,2024,2024-03
2024-03-24,STARBUCKS COFFEE,-29.47,8579.77,Dining & Restaurants,Purchase at STARBUCKS COFFEE,STARBUCKSFFEE,False,False,Coffee,2024-03,2024,2024-03
2024-03-24,CHICK-FIL-A,-19.69,8560.08,Dining & Restaurants,Purchase at CHICK-FIL-A,CHICK-FIL-A,False,False,Restaurant,2024-03,2024,2024-03
2024-04-01,EMPLOYER PAYCHECK,3503.0,12063.08,Income,Monthly salary,EMPLOYER PAYCHECK,False,False,Income,2024-04,2024,2024-04
2024-04-03,PIZZA HUT,-34.28,12028.8,Dining & Restaurants,Purchase at PIZZA HUT,PIZZA HUT,False,False,Restaurant,2024-04,2024,2024-04
2024-04-05,LANDLORD RENT,-1500.0,10528.8,Housing,Monthly landlord rent,LANDLORD RENT,True,True,Other,2024-04,2024,2024-04
2024-04-05,HOME DEPOT,-81.98,10446.82,Shopping & Retail,Purchase at HOME DEPOT,HOME DEPOT,False,False,Retail,2024-04,2024,2024-04
2024-04-07,TRADER JOES,-110.47,10336.35,Groceries,Purchase at TRADER JOES,TRADER JOES,False,False,Grocery,2024-04,2024,2024-04
2024-04-10,NETFLIX SUBSCRIPTION,-14.99,10321.36,Subscriptions,Monthly netflix subscription,NETFLIX SUBSCRIPTION,True,False,Subscription,2024-04,2024,2024-04
2024-04-10,SUBWAY SANDWICHES,-26.17,10295.19,Dining & Restaurants,Purchase at SUBWAY SANDWICHES,SUBWAY SANDWICHES,False,False,Other,2024-04,2024,2024-04
2024-04-12,SPOTIFY PREMIUM,-9.99,10285.2,Subscriptions,Monthly spotify premium,SPOTIFY PREMIUM,True,False,Subscription,2024-04,2024,2024-04
2024-04-15,AWS CLOUD SERVICES,-50.0,10235.2,Utilities & Services,Monthly aws cloud services,AWS CLOUD SERVICES,True,False,Subscription,2024-04,2024,2024-04
2024-04-16,HOME DEPOT,-17.89,10217.31,Shopping & Retail,Purchase at HOME DEPOT,HOME DEPOT,False,False,Retail,2024-04,2024,2024-04
2024-04-22,EXXON MOBIL,-36.69,10180.62,Gas & Transport,Purchase at EXXON MOBIL,EXXON MOBIL,False,False,Gas,2024-04,2024,2024-04
2024-04-23,KROGER GROCERY,-40.78,10139.84,Groceries,Purchase at KROGER GROCERY,KROGER GROCERY,False,False,Grocery,2024-04,2024,2024-04
2024-04-24,CHICK-FIL-A,-39.62,10100.22,Dining & Restaurants,Purchase at CHICK-FIL-A,CHICK-FIL-A,False,False,Restaurant,2024-04,2024,2024-04
2024-04-24,EXXON MOBIL,-62.33,10037.89,Gas & Transport,Purchase at EXXON MOBIL,EXXON MOBIL,False,False,Gas,2024-04,2024,2024-04
2024-04-25,TACO BELL,-44.05,9993.84,Dining & Restaurants,Purchase at TACO BELL,TACO BELL,False,False,Restaurant,2024-04,2024,2024-04
2024-04-30,BEST BUY ELECTRONICS,-899.0,9094.84,Electronics,,BEST BUY ELECTRONICS,False,False,Retail,2024-04,2024,2024-04
2024-05-01,EMPLOYER PAYCHECK,3494.0,12588.84,Income,Monthly salary,EMPLOYER PAYCHECK,False,False,Income,2024-05,2024,2024-05
2024-05-02,SHELL GAS STATION,-49.3,12539.54,Gas & Transport,Purchase at SHELL GAS STATION,SHELL GAS STATION,False,False,Gas,2024-05,2024,2024-05
2024-05-05,LANDLORD RENT,-1500.0,11039.54,Housing,Monthly landlord rent,LANDLORD RENT,True,True,Other,2024-05,2024,2024-05
2024-05-05,SHELL GAS STATION,-54.63,10984.91,Gas & Transport,Purchase at SHELL GAS STATION,SHELL GAS STATION,False,False,Gas,2024-05,2024,2024-05
2024-05-06,SUBWAY SANDWICHES,-44.98,10939.93,Dining & Restaurants,Purchase at SUBWAY SANDWICHES,SUBWAY SANDWICHES,False,False,Other,2024-05,2024,2024-05
2024-05-10,NETFLIX SUBSCRIPTION,-14.99,10924.94,Subscriptions,Monthly netflix subscription,NETFLIX SUBSCRIPTION,True,False,Subscription,2024-05,2024,2024-05
2024-05-10,WALMART,-115.91,10809.03,Shopping & Retail,Purchase at WALMART,WALMART,False,False,Retail,2024-05,2024,2024-05
2024-05-12,SPOTIFY PREMIUM,-9.99,10799.04,Subscriptions,Monthly spotify premium,SPOTIFY PREMIUM,True,False,Subscription,2024-05,2024,2024-05
2024-05-13,KROGER GROCERY,-76.08,10722.96,Groceries,Purchase at KROGER GROCERY,KROGER GROCERY,False,False,Grocery,2024-05,2024,2024-05
2024-05-15,AWS CLOUD SERVICES,-50.0,10672.96,Utilities & Services,Monthly aws cloud services,AWS CLOUD SERVICES,True,False,Subscription,2024-05,2024,2024-05
2024-05-18,TRADER JOES,-148.82,10524.14,Groceries,Purchase at TRADER JOES,TRADER JOES,False,False,Grocery,2024-05,2024,2024-05
2024-05-22,PIZZA HUT,-38.1,10486.04,Dining & Restaurants,Purchase at PIZZA HUT,PIZZA HUT,False,False,Restaurant,2024-05,2024,2024-05
2024-05-25,HOME DEPOT,-87.1,10398.94,Shopping & Retail,Purchase at HOME DEPOT,HOME DEPOT,False,False,Retail,2024-05,2024,2024-05
2024-05-28,STARBUCKS COFFEE,-28.52,10370.42,Dining & Restaurants,Purchase at STARBUCKS COFFEE,STARBUCKSFFEE,False,False,Coffee,2024-05,2024,2024-05
2024-06-01,EMPLOYER PAYCHECK,3437.0,13807.42,Income,Monthly salary,EMPLOYER PAYCHECK,False,False,Income,2024-06,2024,2024-06
2024-06-05,LANDLORD RENT,-1500.0,12307.42,Housing,Monthly landlord rent,LANDLORD RENT,True,True,Other,2024-06,2024,2024-06
2024-06-05,PANERA BREAD,-21.73,12285.69,Dining & Restaurants,Purchase at PANERA BREAD,PANERA BREAD,False,False,Restaurant,2024-06,2024,2024-06
2024-06-06,WHOLE FOODS MARKET,-118.07,12167.62,Groceries,Purchase at WHOLE FOODS MARKET,WHOLE FOODS MARKET,False,False,Grocery,2024-06,2024,2024-06
2024-06-09,TRADER JOES,-49.16,12118.46,Groceries,Purchase at TRADER JOES,TRADER JOES,False,False,Grocery,2024-06,2024,2024-06
2024-06-10,NETFLIX SUBSCRIPTION,-14.99,12103.47,Subscriptions,Monthly netflix subscription,NETFLIX SUBSCRIPTION,True,False,Subscription,2024-06,2024,2024-06
2024-06-10,PANERA BREAD,-24.82,12078.65,Dining & Restaurants,Purchase at PANERA BREAD,PANERA BREAD,False,False,Restaurant,2024-06,2024,2024-06
2024-06-10,EXXON MOBIL,-61.35,12017.3,Gas & Transport,Purchase at EXXON MOBIL,EXXON MOBIL,False,False,Gas,2024-06,2024,2024-06
2024-06-10,TARGET STORE,-71.87,11945.43,Shopping & Retail,Purchase at TARGET STORE,TARGET STORE,False,False,Retail,2024-06,2024,2024-06
2024-06-12,SPOTIFY PREMIUM,-9.99,11935.44,Subscriptions,Monthly spotify premium,SPOTIFY PREMIUM,True,False,Subscription,2024-06,2024,2024-06
2024-06-15,AWS CLOUD SERVICES,-50.0,11885.44,Utilities & Services,Monthly aws cloud services,AWS CLOUD SERVICES,True,False,Subscription,2024-06,2024,2024-06
2024-06-16,PANERA BREAD,-42.67,11842.77,Dining & Restaurants,Purchase at PANERA BREAD,PANERA BREAD,False,False,Restaurant,2024-06,2024,2024-06
2024-06-19,EXXON MOBIL,-45.45,11797.32,Gas & Transport,Purchase at EXXON MOBIL,EXXON MOBIL,False,False,Gas,2024-06,2024,2024-06
2024-06-20,STARBUCKS COFFEE,-32.82,11764.5,Dining & Restaurants,Purchase at STARBUCKS COFFEE,STARBUCKSFFEE,False,False,Coffee,2024-06,2024,2024-06
2024-06-20,AMAZON.COM,-23.58,11740.92,Shopping & Retail,Purchase at AMAZON.COM,AMAZON.COM,False,False,Online,2024-06,2024,2024-06
2024-07-01,EMPLOYER PAYCHECK,3572.0,15312.92,Income,Monthly salary,EMPLOYER PAYCHECK,False,False,Income,2024-07,2024,2024-07
2024-07-03,PANERA BREAD,-43.48,15269.44,Dining & Restaurants,Purchase at PANERA BREAD,PANERA BREAD,False,False,Restaurant,2024-07,2024,2024-07
2024-07-05,LANDLORD RENT,-1500.0,13769.44,Housing,Monthly landlord rent,LANDLORD RENT,True,True,Other,2024-07,2024,2024-07
2024-07-08,KROGER GROCERY,-133.75,13635.69,Groceries,Purchase at KROGER GROCERY,KROGER GROCERY,False,False,Grocery,2024-07,2024,2024-07
2024-07-10,NETFLIX SUBSCRIPTION,-14.99,13620.7,Subscriptions,Monthly netflix subscription,NETFLIX SUBSCRIPTION,True,False,Subscription,2024-07,2024,2024-07
2024-07-12,SPOTIFY PREMIUM,-9.99,13610.71,Subscriptions,Monthly spotify premium,SPOTIFY PREMIUM,True,False,Subscription,2024-07,2024,2024-07
2024-07-12,CHEVRON GAS STATION,-58.2,13552.51,Gas & Transport,Purchase at CHEVRON GAS STATION,CHEVRON GAS STATION,False,False,Gas,2024-07,2024,2024-07
2024-07-15,AWS CLOUD SERVICES,-50.0,13502.51,Utilities & Services,Monthly aws cloud services,AWS CLOUD SERVICES,True,False,Subscription,2024-07,2024,2024-07
2024-07-18,EXXON MOBIL,-56.47,13446.04,Gas & Transport,Purchase at EXXON MOBIL,EXXON MOBIL,False,False,Gas,2024-07,2024,2024-07
2024-07-19,WALMART,-117.8,13328.24,Shopping & Retail,Purchase at WALMART,WALMART,False,False,Retail,2024-07,2024,2024-07
2024-07-19,COACHELLA TICKETS,-250.0,13078.24,Entertainment,,COACHELLA TICKETS,False,False,Other,2024-07,2024,2024-07
2024-07-20,CHIPOTLE MEXICAN,-33.03,13045.21,Dining & Restaurants,Purchase at CHIPOTLE MEXICAN,CHIPOTLE MEXICAN,False,False,Restaurant,2024-07,2024,2024-07
2024-07-21,COSTCO WHOLESALE,-83.47,12961.74,Groceries,Purchase at COSTCO WHOLESALE,COSTCO WHOLESALE,False,False,Grocery,2024-07,2024,2024-07
2024-07-22,PIZZA HUT,-22.4,12939.34,Dining & Restaurants,Purchase at PIZZA HUT,PIZZA HUT,False,False,Restaurant,2024-07,2024,2024-07
2024-08-01,EMPLOYER PAYCHECK,3461.0,16400.34,Income,Monthly salary,EMPLOYER PAYCHECK,False,False,Income,2024-08,2024,2024-08
2024-08-05,LANDLORD RENT,-1500.0,14900.34,Housing,Monthly landlord rent,LANDLORD RENT,True,True,Other,2024-08,2024,2024-08
2024-08-09,HOME DEPOT,-95.84,14804.5,Shopping & Retail,Purchase at HOME DEPOT,HOME DEPOT,False,False,Retail,2024-08,2024,2024-08
2024-08-10,NETFLIX SUBSCRIPTION,-14.99,14789.51,Subscriptions,Monthly netflix subscription,NETFLIX SUBSCRIPTION,True,False,Subscription,2024-08,2024,2024-08
2024-08-12,SPOTIFY PREMIUM,-9.99,14779.52,Subscriptions,Monthly spotify premium,SPOTIFY PREMIUM,True,False,Subscription,2024-08,2024,2024-08
2024-08-12,WHOLE FOODS MARKET,-101.68,14677.84,Groceries,Purchase at WHOLE FOODS MARKET,WHOLE FOODS MARKET,False,False,Grocery,2024-08,2024,2024-08
2024-08-12,CHICK-FIL-A,-16.33,14661.51,Dining & Restaurants,Purchase at CHICK-FIL-A,CHICK-FIL-A,False,False,Restaurant,2024-08,2024,2024-08
2024-08-12,TACO BELL,-41.04,14620.47,Dining & Restaurants,Purchase at TACO BELL,TACO BELL,False,False,Restaurant,2024-08,2024,2024-08
2024-08-13,SUBWAY SANDWICHES,-43.36,14577.11,Dining & Restaurants,Purchase at SUBWAY SANDWICHES,SUBWAY SANDWICHES,False,False,Other,2024-08,2024,2024-08
2024-08-15,AWS CLOUD SERVICES,-50.0,14527.11,Utilities & Services,Monthly aws cloud services,AWS CLOUD SERVICES,True,False,Subscription,2024-08,2024,2024-08
2024-08-17,SHELL GAS STATION,-63.4,14463.71,Gas & Transport,Purchase at SHELL GAS STATION,SHELL GAS STATION,False,False,Gas,2024-08,2024,2024-08
2024-08-18,TRADER JOES,-123.55,14340.16,Groceries,Purchase at TRADER JOES,TRADER JOES,False,False,Grocery,2024-08,2024,2024-08
2024-08-19,SHELL GAS STATION,-64.41,14275.75,Gas & Transport,Purchase at SHELL GAS STATION,SHELL GAS STATION,False,False,Gas,2024-08,2024,2024-08
2024-09-01,EMPLOYER PAYCHECK,3468.0,17743.75,Income,Monthly salary,EMPLOYER PAYCHECK,False,False,Income,2024-09,2024,2024-09
2024-09-02,TRADER JOES,-128.66,17615.09,Groceries,Purchase at TRADER JOES,TRADER JOES,False,False,Grocery,2024-09,2024,2024-09
2024-09-03,CHIPOTLE MEXICAN,-33.17,17581.92,Dining & Restaurants,Purchase at CHIPOTLE MEXICAN,CHIPOTLE MEXICAN,False,False,Restaurant,2024-09,2024,2024-09
2024-09-03,CHEVRON GAS STATION,-61.73,17520.19,Gas & Transport,Purchase at CHEVRON GAS STATION,CHEVRON GAS STATION,False,False,Gas,2024-09,2024,2024-09
2024-09-05,LANDLORD RENT,-1500.0,16020.19,Housing,Monthly landlord rent,LANDLORD RENT,True,True,Other,2024-09,2024,2024-09
2024-09-06,WALMART,-86.17,15934.02,Shopping & Retail,Purchase at WALMART,WALMART,False,False,Retail,2024-09,2024,2024-09
2024-09-07,PANERA BREAD,-11.97,15922.05,Dining & Restaurants,Purchase at PANERA BREAD,PANERA BREAD,False,False,Restaurant,2024-09,2024,2024-09
2024-09-10,NETFLIX SUBSCRIPTION,-14.99,15907.06,Subscriptions,Monthly netflix subscription,NETFLIX SUBSCRIPTION,True,False,Subscription,2024-09,2024,2024-09
2024-09-12,SPOTIFY PREMIUM,-9.99,15897.07,Subscriptions,Monthly spotify premium,SPOTIFY PREMIUM,True,False,Subscription,2024-09,2024,2024-09
2024-09-15,AWS CLOUD SERVICES,-50.0,15847.07,Utilities & Services,Monthly aws cloud services,AWS CLOUD SERVICES,True,False,Subscription,2024-09,2024,2024-09
2024-09-21,SHELL GAS STATION,-56.65,15790.42,Gas & Transport,Purchase at SHELL GAS STATION,SHELL GAS STATION,False,False,Gas,2024-09,2024,2024-09
2024-09-23,PIZZA HUT,-14.56,15775.86,Dining & Restaurants,Purchase at PIZZA HUT,PIZZA HUT,False,False,Restaurant,2024-09,2024,2024-09
2024-09-27,SAFEWAY,-74.7,15701.16,Groceries,Purchase at SAFEWAY,SAFEWAY,False,False,Grocery,2024-09,2024,2024-09
2024-09-27,WALMART,-62.51,15638.65,Shopping & Retail,Purchase at WALMART,WALMART,False,False,Retail,2024-09,2024,2024-09
2024-10-01,EMPLOYER PAYCHECK,3540.0,19178.65,Income,Monthly salary,EMPLOYER PAYCHECK,False,False,Income,2024-10,2024,2024-10
2024-10-04,PIZZA HUT,-44.56,19134.09,Dining & Restaurants,Purchase at PIZZA HUT,PIZZA HUT,False,False,Restaurant,2024-10,2024,2024-10
2024-10-05,LANDLORD RENT,-1500.0,17634.09,Housing,Monthly landlord rent,LANDLORD RENT,True,True,Other,2024-10,2024,2024-10
2024-10-07,TRADER JOES,-114.71,17519.38,Groceries,Purchase at TRADER JOES,TRADER JOES,False,False,Grocery,2024-10,2024,2024-10
2024-10-07,APPLE REFUND,99.0,17618.38,Returns,,APPLE REFUND,False,False,Other,2024-10,2024,2024-10
2024-10-10,NETFLIX SUBSCRIPTION,-14.99,17603.39,Subscriptions,Monthly netflix subscription,NETFLIX SUBSCRIPTION,True,False,Subscription,2024-10,2024,2024-10
2024-10-10,CHICK-FIL-A,-32.58,17570.81,Dining & Restaurants,Purchase at CHICK-FIL-A,CHICK-FIL-A,False,False,Restaurant,2024-10,2024,2024-10
2024-10-12,SPOTIFY PREMIUM,-9.99,17560.82,Subscriptions,Monthly spotify premium,SPOTIFY PREMIUM,True,False,Subscription,2024-10,2024,2024-10
2024-10-12,CHEVRON GAS STATION,-42.47,17518.35,Gas & Transport,Purchase at CHEVRON GAS STATION,CHEVRON GAS STATION,False,False,Gas,2024-10,2024,2024-10
2024-10-12,TARGET STORE,-54.56,17463.79,Shopping & Retail,Purchase at TARGET STORE,TARGET STORE,False,False,Retail,2024-10,2024,2024-10
2024-10-15,AWS CLOUD SERVICES,-50.0,17413.79,Utilities & Services,Monthly aws cloud services,AWS CLOUD SERVICES,True,False,Subscription,2024-10,2024,2024-10
2024-10-15,EXXON MOBIL,-54.28,17359.51,Gas & Transport,Purchase at EXXON MOBIL,EXXON MOBIL,False,False,Gas,2024-10,2024,2024-10
2024-10-20,PANERA BREAD,-29.64,17329.87,Dining & Restaurants,Purchase at PANERA BREAD,PANERA BREAD,False,False,Restaurant,2024-10,2024,2024-10
2024-10-21,KROGER GROCERY,-132.99,17196.88,Groceries,Purchase at KROGER GROCERY,KROGER GROCERY,False,False,Grocery,2024-10,2024,2024-10
2024-10-22,HOME DEPOT,-84.78,17112.1,Shopping & Retail,Purchase at HOME DEPOT,HOME DEPOT,False,False,Retail,2024-10,2024,2024-10
2024-11-01,EMPLOYER PAYCHECK,3411.0,20523.1,Income,Monthly salary,EMPLOYER PAYCHECK,False,False,Income,2024-11,2024,2024-11
2024-11-03,CHICK-FIL-A,-8.64,20514.46,Dining & Restaurants,Purchase at CHICK-FIL-A,CHICK-FIL-A,False,False,Restaurant,2024-11,2024,2024-11
2024-11-05,LANDLORD RENT,-1500.0,19014.46,Housing,Monthly landlord rent,LANDLORD RENT,True,True,Other,2024-11,2024,2024-11
2024-11-05,SUBWAY SANDWICHES,-34.26,18980.2,Dining & Restaurants,Purchase at SUBWAY SANDWICHES,SUBWAY SANDWICHES,False,False,Other,2024-11,2024,2024-11
2024-11-10,NETFLIX SUBSCRIPTION,-14.99,18965.21,Subscriptions,Monthly netflix subscription,NETFLIX SUBSCRIPTION,True,False,Subscription,2024-11,2024,2024-11
2024-11-10,SAFEWAY,-71.77,18893.44,Groceries,Purchase at SAFEWAY,SAFEWAY,False,False,Grocery,2024-11,2024,2024-11
2024-11-12,SPOTIFY PREMIUM,-9.99,18883.45,Subscriptions,Monthly spotify premium,SPOTIFY PREMIUM,True,False,Subscription,2024-11,2024,2024-11
2024-11-12,EXXON MOBIL,-58.75,18824.7,Gas & Transport,Purchase at EXXON MOBIL,EXXON MOBIL,False,False,Gas,2024-11,2024,2024-11
2024-11-13,PIZZA HUT,-32.82,18791.88,Dining & Restaurants,Purchase at PIZZA HUT,PIZZA HUT,False,False,Restaurant,2024-11,2024,2024-11
2024-11-15,AWS CLOUD SERVICES,-50.0,18741.88,Utilities & Services,Monthly aws cloud services,AWS CLOUD SERVICES,True,False,Subscription,2024-11,2024,2024-11
2024-11-16,COSTCO WHOLESALE,-78.21,18663.67,Groceries,Purchase at COSTCO WHOLESALE,COSTCO WHOLESALE,False,False,Grocery,2024-11,2024,2024-11
2024-11-20,CHEVRON GAS STATION,-39.8,18623.87,Gas & Transport,Purchase at CHEVRON GAS STATION,CHEVRON GAS STATION,False,False,Gas,2024-11,2024,2024-11
2024-11-23,WALMART,-64.68,18559.19,Shopping & Retail,Purchase at WALMART,WALMART,False,False,Retail,2024-11,2024,2024-11
2024-12-01,EMPLOYER PAYCHECK,3494.0,22053.19,Income,Monthly salary,EMPLOYER PAYCHECK,False,False,Income,2024-12,2024,2024-12
2024-12-02,CHEVRON GAS STATION,-57.96,21995.23,Gas & Transport,Purchase at CHEVRON GAS STATION,CHEVRON GAS STATION,False,False,Gas,2024-12,2024,2024-12
2024-12-05,LANDLORD RENT,-1500.0,20495.23,Housing,Monthly landlord rent,LANDLORD RENT,True,True,Other,2024-12,2024,2024-12
2024-12-06,OLIVE GARDEN,-19.4,20475.83,Dining & Restaurants,Purchase at OLIVE GARDEN,OLIVE GARDEN,False,False,Restaurant,2024-12,2024,2024-12
2024-12-09,PIZZA HUT,-27.57,20448.26,Dining & Restaurants,Purchase at PIZZA HUT,PIZZA HUT,False,False,Restaurant,2024-12,2024,2024-12
2024-12-10,NETFLIX SUBSCRIPTION,-14.99,20433.27,Subscriptions,Monthly netflix subscription,NETFLIX SUBSCRIPTION,True,False,Subscription,2024-12,2024,2024-12
2024-12-10,TACO BELL,-21.16,20412.11,Dining & Restaurants,Purchase at TACO BELL,TACO BELL,False,False,Restaurant,2024-12,2024,2024-12
2024-12-12,SPOTIFY PREMIUM,-9.99,20402.12,Subscriptions,Monthly spotify premium,SPOTIFY PREMIUM,True,False,Subscription,2024-12,2024,2024-12
2024-12-14,CHEVRON GAS STATION,-59.8,20342.32,Gas & Transport,Purchase at CHEVRON GAS STATION,CHEVRON GAS STATION,False,False,Gas,2024-12,2024,2024-12
2024-12-15,AWS CLOUD SERVICES,-50.0,20292.32,Utilities & Services,Monthly aws cloud services,AWS CLOUD SERVICES,True,False,Subscription,2024-12,2024,2024-12
2024-12-21,KROGER GROCERY,-111.61,20180.71,Groceries,Purchase at KROGER GROCERY,KROGER GROCERY,False,False,Grocery,2024-12,2024,2024-12
2024-12-21,HOME DEPOT,-103.0,20077.71,Shopping & Retail,Purchase at HOME DEPOT,HOME DEPOT,False,False,Retail,2024-12,2024,2024-12
2024-12-24,CHICK-FIL-A,-30.22,20047.49,Dining & Restaurants,Purchase at CHICK-FIL-A,CHICK-FIL-A,False,False,Restaurant,2024-12,2024,2024-12
2024-12-26,COSTCO WHOLESALE,-144.3,19903.19,Groceries,Purchase at COSTCO WHOLESALE,COSTCO WHOLESALE,False,False,Grocery,2024-12,2024,2024-12
2024-12-28,WALMART,-47.74,19855.45,Shopping & Retail,Purchase at WALMART,WALMART,False,False,Retail,2024-12,2024,2024-12
2024-12-29,WHOLE FOODS MARKET,-133.71,19721.74,Groceries,Purchase at WHOLE FOODS MARKET,WHOLE FOODS MARKET,False,False,Grocery,2024-12,2024,2024-12
2025-01-01,EMPLOYER PAYCHECK,3430.0,8430.0,Income,Monthly salary,EMPLOYER PAYCHECK,False,False,Income,2025-01,2025,2025-01
2025-01-02,STARBUCKS COFFEE,-25.79,8404.21,Dining & Restaurants,Purchase at STARBUCKS COFFEE,STARBUCKSFFEE,False,False,Coffee,2025-01,2025,2025-01
2025-01-04,KROGER GROCERY,-116.74,8287.47,Groceries,Purchase at KROGER GROCERY,KROGER GROCERY,False,False,Grocery,2025-01,2025,2025-01
2025-01-05,LANDLORD RENT,-1500.0,6787.47,Housing,Monthly landlord rent,LANDLORD RENT,True,True,Other,2025-01,2025,2025-01
2025-01-09,EXXON MOBIL,-52.98,6734.49,Gas & Transport,Purchase at EXXON MOBIL,EXXON MOBIL,False,False,Gas,2025-01,2025,2025-01
2025-01-10,NETFLIX SUBSCRIPTION,-14.99,6719.5,Subscriptions,Monthly netflix subscription,NETFLIX SUBSCRIPTION,True,False,Subscription,2025-01,2025,2025-01
2025-01-11,CHEVRON GAS STATION,-54.5,6665.0,Gas & Transport,Purchase at CHEVRON GAS STATION,CHEVRON GAS STATION,False,False,Gas,2025-01,2025,2025-01
2025-01-12,SPOTIFY PREMIUM,-9.99,6655.01,Subscriptions,Monthly spotify premium,SPOTIFY PREMIUM,True,False,Subscription,2025-01,2025,2025-01
2025-01-12,HOME DEPOT,-80.14,6574.87,Shopping & Retail,Purchase at HOME DEPOT,HOME DEPOT,False,False,Retail,2025-01,2025,2025-01
2025-01-14,SAFEWAY,-68.02,6506.85,Groceries,Purchase at SAFEWAY,SAFEWAY,False,False,Grocery,2025-01,2025,2025-01
2025-01-15,AWS CLOUD SERVICES,-50.0,6456.85,Utilities & Services,Monthly aws cloud services,AWS CLOUD SERVICES,True,False,Subscription,2025-01,2025,2025-01
2025-01-16,SAFEWAY,-133.56,6323.29,Groceries,Purchase at SAFEWAY,SAFEWAY,False,False,Grocery,2025-01,2025,2025-01
2025-01-16,SUBWAY SANDWICHES,-40.52,6282.77,Dining & Restaurants,Purchase at SUBWAY SANDWICHES,SUBWAY SANDWICHES,False,False,Other,2025-01,2025,2025-01
2025-01-18,SUBWAY SANDWICHES,-23.06,6259.71,Dining & Restaurants,Purchase at SUBWAY SANDWICHES,SUBWAY SANDWICHES,False,False,Other,2025-01,2025,2025-01
2025-01-22,SUBWAY SANDWICHES,-15.66,6244.05,Dining & Restaurants,Purchase at SUBWAY SANDWICHES,SUBWAY SANDWICHES,False,False,Other,2025-01,2025,2025-01
2025-01-29,AMAZON.COM,-98.16,6145.89,Shopping & Retail,Purchase at AMAZON.COM,AMAZON.COM,False,False,Online,2025-01,2025,2025-01
2025-02-01,EMPLOYER PAYCHECK,3470.0,9615.89,Income,Monthly salary,EMPLOYER PAYCHECK,False,False,Income,2025-02,2025,2025-02
2025-02-05,LANDLORD RENT,-1500.0,8115.89,Housing,Monthly landlord rent,LANDLORD RENT,True,True,Other,2025-02,2025,2025-02
2025-02-08,STARBUCKS COFFEE,-33.82,8082.07,Dining & Restaurants,Purchase at STARBUCKS COFFEE,STARBUCKSFFEE,False,False,Coffee,2025-02,2025,2025-02
2025-02-08,CHEVRON GAS STATION,-57.89,8024.18,Gas & Transport,Purchase at CHEVRON GAS STATION,CHEVRON GAS STATION,False,False,Gas,2025-02,2025,2025-02
2025-02-10,NETFLIX SUBSCRIPTION,-14.99,8009.19,Subscriptions,Monthly netflix subscription,NETFLIX SUBSCRIPTION,True,False,Subscription,2025-02,2025,2025-02
2025-02-11,KROGER GROCERY,-66.52,7942.67,Groceries,Purchase at KROGER GROCERY,KROGER GROCERY,False,False,Grocery,2025-02,2025,2025-02
2025-02-11,CHEVRON GAS STATION,-50.18,7892.49,Gas & Transport,Purchase at CHEVRON GAS STATION,CHEVRON GAS STATION,False,False,Gas,2025-02,2025,2025-02
2025-02-12,SPOTIFY PREMIUM,-9.99,7882.5,Subscriptions,Monthly spotify premium,SPOTIFY PREMIUM,True,False,Subscription,2025-02,2025,2025-02
2025-02-13,TRADER JOES,-144.96,7737.54,Groceries,Purchase at TRADER JOES,TRADER JOES,False,False,Grocery,2025-02,2025,2025-02
2025-02-15,AWS CLOUD SERVICES,-50.0,7687.54,Utilities & Services,Monthly aws cloud services,AWS CLOUD SERVICES,True,False,Subscription,2025-02,2025,2025-02
2025-02-15,UNITED AIRLINES,-450.0,7237.54,Travel,,UNITED AIRLINES,False,False,Other,2025-02,2025,2025-02
2025-02-17,SUBWAY SANDWICHES,-22.0,7215.54,Dining & Restaurants,Purchase at SUBWAY SANDWICHES,SUBWAY SANDWICHES,False,False,Other,2025-02,2025,2025-02
2025-02-17,PANERA BREAD,-36.67,7178.87,Dining & Restaurants,Purchase at PANERA BREAD,PANERA BREAD,False,False,Restaurant,2025-02,2025,2025-02
2025-02-25,SAFEWAY,-89.95,7088.92,Groceries,Purchase at SAFEWAY,SAFEWAY,False,False,Grocery,2025-02,2025,2025-02
2025-02-25,SUBWAY SANDWICHES,-40.08,7048.84,Dining & Restaurants,Purchase at SUBWAY SANDWICHES,SUBWAY SANDWICHES,False,False,Other,2025-02,2025,2025-02
2025-03-01,EMPLOYER PAYCHECK,3598.0,10646.84,Income,Monthly salary,EMPLOYER PAYCHECK,False,False,Income,2025-03,2025,2025-03
2025-03-01,HOME DEPOT,-115.11,10531.73,Shopping & Retail,Purchase at HOME DEPOT,HOME DEPOT,False,False,Retail,2025-03,2025,2025-03
2025-03-05,LANDLORD RENT,-1500.0,9031.73,Housing,Monthly landlord rent,LANDLORD RENT,True,True,Other,2025-03,2025,2025-03
2025-03-05,PANERA BREAD,-25.56,9006.17,Dining & Restaurants,Purchase at PANERA BREAD,PANERA BREAD,False,False,Restaurant,2025-03,2025,2025-03
2025-03-08,CHEVRON GAS STATION,-61.88,8944.29,Gas & Transport,Purchase at CHEVRON GAS STATION,CHEVRON GAS STATION,False,False,Gas,2025-03,2025,2025-03
2025-03-10,NETFLIX SUBSCRIPTION,-14.99,8929.3,Subscriptions,Monthly netflix subscription,NETFLIX SUBSCRIPTION,True,False,Subscription,2025-03,2025,2025-03
2025-03-11,EXXON MOBIL,-47.55,8881.75,Gas & Transport,Purchase at EXXON MOBIL,EXXON MOBIL,False,False,Gas,2025-03,2025,2025-03
2025-03-12,SPOTIFY PREMIUM,-9.99,8871.76,Subscriptions,Monthly spotify premium,SPOTIFY PREMIUM,True,False,Subscription,2025-03,2025,2025-03
2025-03-15,AWS CLOUD SERVICES,-50.0,8821.76,Utilities & Services,Monthly aws cloud services,AWS CLOUD SERVICES,True,False,Subscription,2025-03,2025,2025-03
2025-03-16,SAFEWAY,-148.62,8673.14,Groceries,Purchase at SAFEWAY,SAFEWAY,False,False,Grocery,2025-03,2025,2025-03
2025-03-17,SAFEWAY,-42.46,8630.68,Groceries,Purchase at SAFEWAY,SAFEWAY,False,False,Grocery,2025-03,2025,2025-03
2025-03-21,STARBUCKS COFFEE,-30.33,8600.35,Dining & Restaurants,Purchase at STARBUCKS COFFEE,STARBUCKSFFEE,False,False,Coffee,2025-03,2025,2025-03
2025-03-23,CHICK-FIL-A,-34.56,8565.79,Dining & Restaurants,Purchase at CHICK-FIL-A,CHICK-FIL-A,False,False,Restaurant,2025-03,2025,2025-03
2025-03-27,WALMART,-70.34,8495.45,Shopping & Retail,Purchase at WALMART,WALMART,False,False,Retail,2025-03,2025,2025-03
2025-03-28,SAFEWAY,-116.39,8379.06,Groceries,Purchase at SAFEWAY,SAFEWAY,False,False,Grocery,2025-03,2025,2025-03
2025-04-01,EMPLOYER PAYCHECK,3463.0,11842.06,Income,Monthly salary,EMPLOYER PAYCHECK,False,False,Income,2025-04,2025,2025-04
2025-04-05,LANDLORD RENT,-1500.0,10342.06,Housing,Monthly landlord rent,LANDLORD RENT,True,True,Other,2025-04,2025,2025-04
2025-04-07,OLIVE GARDEN,-22.76,10319.3,Dining & Restaurants,Purchase at OLIVE GARDEN,OLIVE GARDEN,False,False,Restaurant,2025-04,2025,2025-04
2025-04-10,NETFLIX SUBSCRIPTION,-14.99,10304.31,Subscriptions,Monthly netflix subscription,NETFLIX SUBSCRIPTION,True,False,Subscription,2025-04,2025,2025-04
2025-04-12,SPOTIFY PREMIUM,-9.99,10294.32,Subscriptions,Monthly spotify premium,SPOTIFY PREMIUM,True,False,Subscription,2025-04,2025,2025-04
2025-04-15,AWS CLOUD SERVICES,-50.0,10244.32,Utilities & Services,Monthly aws cloud services,AWS CLOUD SERVICES,True,False,Subscription,2025-04,2025,2025-04
2025-04-15,SAFEWAY,-105.94,10138.38,Groceries,Purchase at SAFEWAY,SAFEWAY,False,False,Grocery,2025-04,2025,2025-04
2025-04-15,SHELL GAS STATION,-59.34,10079.04,Gas & Transport,Purchase at SHELL GAS STATION,SHELL GAS STATION,False,False,Gas,2025-04,2025,2025-04
2025-04-16,HOME DEPOT,-114.53,9964.51,Shopping & Retail,Purchase at HOME DEPOT,HOME DEPOT,False,False,Retail,2025-04,2025,2025-04
2025-04-18,CHIPOTLE MEXICAN,-18.53,9945.98,Dining & Restaurants,Purchase at CHIPOTLE MEXICAN,CHIPOTLE MEXICAN,False,False,Restaurant,2025-04,2025,2025-04
2025-04-19,SHELL GAS STATION,-57.98,9888.0,Gas & Transport,Purchase at SHELL GAS STATION,SHELL GAS STATION,False,False,Gas,2025-04,2025,2025-04
2025-04-25,CHICK-FIL-A,-26.71,9861.29,Dining & Restaurants,Purchase at CHICK-FIL-A,CHICK-FIL-A,False,False,Restaurant,2025-04,2025,2025-04
2025-04-27,TRADER JOES,-47.56,9813.73,Groceries,Purchase at TRADER JOES,TRADER JOES,False,False,Grocery,2025-04,2025,2025-04
2025-05-01,EMPLOYER PAYCHECK,3547.0,13360.73,Income,Monthly salary,EMPLOYER PAYCHECK,False,False,Income,2025-05,2025,2025-05
2025-05-01,BEST BUY ELECTRONICS,-899.0,12461.73,Electronics,,BEST BUY ELECTRONICS,False,False,Retail,2025-05,2025,2025-05
2025-05-05,LANDLORD RENT,-1500.0,10961.73,Housing,Monthly landlord rent,LANDLORD RENT,True,True,Other,2025-05,2025,2025-05
2025-05-06,EXXON MOBIL,-48.92,10912.81,Gas & Transport,Purchase at EXXON MOBIL,EXXON MOBIL,False,False,Gas,2025-05,2025,2025-05
2025-05-07,KROGER GROCERY,-44.48,10868.33,Groceries,Purchase at KROGER GROCERY,KROGER GROCERY,False,False,Grocery,2025-05,2025,2025-05
2025-05-09,SUBWAY SANDWICHES,-8.26,10860.07,Dining & Restaurants,Purchase at SUBWAY SANDWICHES,SUBWAY SANDWICHES,False,False,Other,2025-05,2025,2025-05
2025-05-10,NETFLIX SUBSCRIPTION,-14.99,10845.08,Subscriptions,Monthly netflix subscription,NETFLIX SUBSCRIPTION,True,False,Subscription,2025-05,2025,2025-05
2025-05-10,PANERA BREAD,-37.85,10807.23,Dining & Restaurants,Purchase at PANERA BREAD,PANERA BREAD,False,False,Restaurant,2025-05,2025,2025-05
2025-05-12,SPOTIFY PREMIUM,-9.99,10797.24,Subscriptions,Monthly spotify premium,SPOTIFY PREMIUM,True,False,Subscription,2025-05,2025,2025-05
2025-05-12,TACO BELL,-21.8,10775.44,Dining & Restaurants,Purchase at TACO BELL,TACO BELL,False,False,Restaurant,2025-05,2025,2025-05
2025-05-15,AWS CLOUD SERVICES,-50.0,10725.44,Utilities & Services,Monthly aws cloud services,AWS CLOUD SERVICES,True,False,Subscription,2025-05,2025,2025-05
2025-05-20,CHEVRON GAS STATION,-64.62,10660.82,Gas & Transport,Purchase at CHEVRON GAS STATION,CHEVRON GAS STATION,False,False,Gas,2025-05,2025,2025-05
2025-05-23,SUBWAY SANDWICHES,-35.69,10625.13,Dining & Restaurants,Purchase at SUBWAY SANDWICHES,SUBWAY SANDWICHES,False,False,Other,2025-05,2025,2025-05
2025-05-27,HOME DEPOT,-38.23,10586.9,Shopping & Retail,Purchase at HOME DEPOT,HOME DEPOT,False,False,Retail,2025-05,2025,2025-05
2025-05-28,TRADER JOES,-90.81,10496.09,Groceries,Purchase at TRADER JOES,TRADER JOES,False,False,Grocery,2025-05,2025,2025-05
2025-06-01,EMPLOYER PAYCHECK,3595.0,14091.09,Income,Monthly salary,EMPLOYER PAYCHECK,False,False,Income,2025-06,2025,2025-06
2025-06-03,HOME DEPOT,-49.16,14041.93,Shopping & Retail,Purchase at HOME DEPOT,HOME DEPOT,False,False,Retail,2025-06,2025,2025-06
2025-06-04,TACO BELL,-31.58,14010.35,Dining & Restaurants,Purchase at TACO BELL,TACO BELL,False,False,Restaurant,2025-06,2025,2025-06
2025-06-05,LANDLORD RENT,-1500.0,12510.35,Housing,Monthly landlord rent,LANDLORD RENT,True,True,Other,2025-06,2025,2025-06
2025-06-09,COSTCO WHOLESALE,-67.14,12443.21,Groceries,Purchase at COSTCO WHOLESALE,COSTCO WHOLESALE,False,False,Grocery,2025-06,2025,2025-06
2025-06-10,NETFLIX SUBSCRIPTION,-14.99,12428.22,Subscriptions,Monthly netflix subscription,NETFLIX SUBSCRIPTION,True,False,Subscription,2025-06,2025,2025-06
2025-06-10,CHIPOTLE MEXICAN,-32.74,12395.48,Dining & Restaurants,Purchase at CHIPOTLE MEXICAN,CHIPOTLE MEXICAN,False,False,Restaurant,2025-06,2025,2025-06
2025-06-10,SHELL GAS STATION,-46.25,12349.23,Gas & Transport,Purchase at SHELL GAS STATION,SHELL GAS STATION,False,False,Gas,2025-06,2025,2025-06
2025-06-12,SPOTIFY PREMIUM,-9.99,12339.24,Subscriptions,Monthly spotify premium,SPOTIFY PREMIUM,True,False,Subscription,2025-06,2025,2025-06
2025-06-13,HOME DEPOT,-106.68,12232.56,Shopping & Retail,Purchase at HOME DEPOT,HOME DEPOT,False,False,Retail,2025-06,2025,2025-06
2025-06-15,AWS CLOUD SERVICES,-50.0,12182.56,Utilities & Services,Monthly aws cloud services,AWS CLOUD SERVICES,True,False,Subscription,2025-06,2025,2025-06
2025-06-15,OLIVE GARDEN,-31.02,12151.54,Dining & Restaurants,Purchase at OLIVE GARDEN,OLIVE GARDEN,False,False,Restaurant,2025-06,2025,2025-06
2025-06-25,CHEVRON GAS STATION,-39.12,12112.42,Gas & Transport,Purchase at CHEVRON GAS STATION,CHEVRON GAS STATION,False,False,Gas,2025-06,2025,2025-06
2025-06-26,COSTCO WHOLESALE,-95.11,12017.31,Groceries,Purchase at COSTCO WHOLESALE,COSTCO WHOLESALE,False,False,Grocery,2025-06,2025,2025-06
2025-07-01,EMPLOYER PAYCHECK,3521.0,15538.31,Income,Monthly salary,EMPLOYER PAYCHECK,False,False,Income,2025-07,2025,2025-07
2025-07-05,LANDLORD RENT,-1500.0,14038.31,Housing,Monthly landlord rent,LANDLORD RENT,True,True,Other,2025-07,2025,2025-07
2025-07-07,CHEVRON GAS STATION,-63.53,13974.78,Gas & Transport,Purchase at CHEVRON GAS STATION,CHEVRON GAS STATION,False,False,Gas,2025-07,2025,2025-07
2025-07-08,TACO BELL,-20.25,13954.53,Dining & Restaurants,Purchase at TACO BELL,TACO BELL,False,False,Restaurant,2025-07,2025,2025-07
2025-07-10,NETFLIX SUBSCRIPTION,-14.99,13939.54,Subscriptions,Monthly netflix subscription,NETFLIX SUBSCRIPTION,True,False,Subscription,2025-07,2025,2025-07
2025-07-10,SUBWAY SANDWICHES,-19.48,13920.06,Dining & Restaurants,Purchase at SUBWAY SANDWICHES,SUBWAY SANDWICHES,False,False,Other,2025-07,2025,2025-07
2025-07-12,SPOTIFY PREMIUM,-9.99,13910.07,Subscriptions,Monthly spotify premium,SPOTIFY PREMIUM,True,False,Subscription,2025-07,2025,2025-07
2025-07-12,KROGER GROCERY,-67.55,13842.52,Groceries,Purchase at KROGER GROCERY,KROGER GROCERY,False,False,Grocery,2025-07,2025,2025-07
2025-07-12,TARGET STORE,-59.95,13782.57,Shopping & Retail,Purchase at TARGET STORE,TARGET STORE,False,False,Retail,2025-07,2025,2025-07
2025-07-15,AWS CLOUD SERVICES,-50.0,13732.57,Utilities & Services,Monthly aws cloud services,AWS CLOUD SERVICES,True,False,Subscription,2025-07,2025,2025-07
2025-07-15,PIZZA HUT,-32.16,13700.41,Dining & Restaurants,Purchase at PIZZA HUT,PIZZA HUT,False,False,Restaurant,2025-07,2025,2025-07
2025-07-18,CHEVRON GAS STATION,-62.83,13637.58,Gas & Transport,Purchase at CHEVRON GAS STATION,CHEVRON GAS STATION,False,False,Gas,2025-07,2025,2025-07
2025-07-19,SUBWAY SANDWICHES,-9.95,13627.63,Dining & Restaurants,Purchase at SUBWAY SANDWICHES,SUBWAY SANDWICHES,False,False,Other,2025-07,2025,2025-07
2025-07-20,COACHELLA TICKETS,-250.0,13377.63,Entertainment,,COACHELLA TICKETS,False,False,Other,2025-07,2025,2025-07
2025-07-21,COSTCO WHOLESALE,-92.25,13285.38,Groceries,Purchase at COSTCO WHOLESALE,COSTCO WHOLESALE,False,False,Grocery,2025-07,2025,2025-07
2025-08-01,EMPLOYER PAYCHECK,3597.0,16882.38,Income,Monthly salary,EMPLOYER PAYCHECK,False,False,Income,2025-08,2025,2025-08
2025-08-04,WHOLE FOODS MARKET,-95.53,16786.85,Groceries,Purchase at WHOLE FOODS MARKET,WHOLE FOODS MARKET,False,False,Grocery,2025-08,2025,2025-08
2025-08-05,LANDLORD RENT,-1500.0,15286.85,Housing,Monthly landlord rent,LANDLORD RENT,True,True,Other,2025-08,2025,2025-08
2025-08-05,AMAZON.COM,-57.5,15229.35,Shopping & Retail,Purchase at AMAZON.COM,AMAZON.COM,False,False,Online,2025-08,2025,2025-08
2025-08-08,SUBWAY SANDWICHES,-27.42,15201.93,Dining & Restaurants,Purchase at SUBWAY SANDWICHES,SUBWAY SANDWICHES,False,False,Other,2025-08,2025,2025-08
2025-08-09,SUBWAY SANDWICHES,-18.08,15183.85,Dining & Restaurants,Purchase at SUBWAY SANDWICHES,SUBWAY SANDWICHES,False,False,Other,2025-08,2025,2025-08
2025-08-09,SHELL GAS STATION,-35.16,15148.69,Gas & Transport,Purchase at SHELL GAS STATION,SHELL GAS STATION,False,False,Gas,2025-08,2025,2025-08
2025-08-10,NETFLIX SUBSCRIPTION,-14.99,15133.7,Subscriptions,Monthly netflix subscription,NETFLIX SUBSCRIPTION,True,False,Subscription,2025-08,2025,2025-08
2025-08-10,KROGER GROCERY,-99.15,15034.55,Groceries,Purchase at KROGER GROCERY,KROGER GROCERY,False,False,Grocery,2025-08,2025,2025-08
2025-08-11,CHEVRON GAS STATION,-62.0,14972.55,Gas & Transport,Purchase at CHEVRON GAS STATION,CHEVRON GAS STATION,False,False,Gas,2025-08,2025,2025-08
2025-08-12,SPOTIFY PREMIUM,-9.99,14962.56,Subscriptions,Monthly spotify premium,SPOTIFY PREMIUM,True,False,Subscription,2025-08,2025,2025-08
2025-08-15,AWS CLOUD SERVICES,-50.0,14912.56,Utilities & Services,Monthly aws cloud services,AWS CLOUD SERVICES,True,False,Subscription,2025-08,2025,2025-08
2025-08-24,PANERA BREAD,-44.38,14868.18,Dining & Restaurants,Purchase at PANERA BREAD,PANERA BREAD,False,False,Restaurant,2025-08,2025,2025-08
2025-09-01,EMPLOYER PAYCHECK,3525.0,18393.18,Income,Monthly salary,EMPLOYER PAYCHECK,False,False,Income,2025-09,2025,2025-09
2025-09-02,HOME DEPOT,-96.35,18296.83,Shopping & Retail,Purchase at HOME DEPOT,HOME DEPOT,False,False,Retail,2025-09,2025,2025-09
2025-09-03,TACO BELL,-21.37,18275.46,Dining & Restaurants,Purchase at TACO BELL,TACO BELL,False,False,Restaurant,2025-09,2025,2025-09
2025-09-04,PANERA BREAD,-9.65,18265.81,Dining & Restaurants,Purchase at PANERA BREAD,PANERA BREAD,False,False,Restaurant,2025-09,2025,2025-09
2025-09-05,LANDLORD RENT,-1500.0,16765.81,Housing,Monthly landlord rent,LANDLORD RENT,True,True,Other,2025-09,2025,2025-09
2025-09-05,TACO BELL,-15.04,16750.77,Dining & Restaurants,Purchase at TACO BELL,TACO BELL,False,False,Restaurant,2025-09,2025,2025-09
2025-09-06,KROGER GROCERY,-119.81,16630.96,Groceries,Purchase at KROGER GROCERY,KROGER GROCERY,False,False,Grocery,2025-09,2025,2025-09
2025-09-06,CHEVRON GAS STATION,-59.7,16571.26,Gas & Transport,Purchase at CHEVRON GAS STATION,CHEVRON GAS STATION,False,False,Gas,2025-09,2025,2025-09
2025-09-07,KROGER GROCERY,-40.07,16531.19,Groceries,Purchase at KROGER GROCERY,KROGER GROCERY,False,False,Grocery,2025-09,2025,2025-09
2025-09-10,NETFLIX SUBSCRIPTION,-14.99,16516.2,Subscriptions,Monthly netflix subscription,NETFLIX SUBSCRIPTION,True,False,Subscription,2025-09,2025,2025-09
2025-09-12,SPOTIFY PREMIUM,-9.99,16506.21,Subscriptions,Monthly spotify premium,SPOTIFY PREMIUM,True,False,Subscription,2025-09,2025,2025-09
2025-09-15,AWS CLOUD SERVICES,-50.0,16456.21,Utilities & Services,Monthly aws cloud services,AWS CLOUD SERVICES,True,False,Subscription,2025-09,2025,2025-09
2025-09-16,EXXON MOBIL,-49.3,16406.91,Gas & Transport,Purchase at EXXON MOBIL,EXXON MOBIL,False,False,Gas,2025-09,2025,2025-09
2025-09-17,AMAZON.COM,-72.73,16334.18,Shopping & Retail,Purchase at AMAZON.COM,AMAZON.COM,False,False,Online,2025-09,2025,2025-09
2025-10-01,EMPLOYER PAYCHECK,3427.0,19761.18,Income,Monthly salary,EMPLOYER PAYCHECK,False,False,Income,2025-10,2025,2025-10
2025-10-02,CHICK-FIL-A,-34.55,19726.63,Dining & Restaurants,Purchase at CHICK-FIL-A,CHICK-FIL-A,False,False,Restaurant,2025-10,2025,2025-10
2025-10-02,CHIPOTLE MEXICAN,-40.39,19686.24,Dining & Restaurants,Purchase at CHIPOTLE MEXICAN,CHIPOTLE MEXICAN,False,False,Restaurant,2025-10,2025,2025-10
2025-10-05,LANDLORD RENT,-1500.0,18186.24,Housing,Monthly landlord rent,LANDLORD RENT,True,True,Other,2025-10,2025,2025-10
2025-10-07,HOME DEPOT,-105.77,18080.47,Shopping & Retail,Purchase at HOME DEPOT,HOME DEPOT,False,False,Retail,2025-10,2025,2025-10
2025-10-08,APPLE REFUND,99.0,18179.47,Returns,,APPLE REFUND,False,False,Other,2025-10,2025,2025-10
2025-10-10,NETFLIX SUBSCRIPTION,-14.99,18164.48,Subscriptions,Monthly netflix subscription,NETFLIX SUBSCRIPTION,True,False,Subscription,2025-10,2025,2025-10
2025-10-12,SPOTIFY PREMIUM,-9.99,18154.49,Subscriptions,Monthly spotify premium,SPOTIFY PREMIUM,True,False,Subscription,2025-10,2025,2025-10
2025-10-12,SAFEWAY,-149.11,18005.38,Groceries,Purchase at SAFEWAY,SAFEWAY,False,False,Grocery,2025-10,2025,2025-10
2025-10-15,AWS CLOUD SERVICES,-50.0,17955.38,Utilities & Services,Monthly aws cloud services,AWS CLOUD SERVICES,True,False,Subscription,2025-10,2025,2025-10
2025-10-15,CHEVRON GAS STATION,-39.45,17915.93,Gas & Transport,Purchase at CHEVRON GAS STATION,CHEVRON GAS STATION,False,False,Gas,2025-10,2025,2025-10
2025-10-16,OLIVE GARDEN,-12.04,17903.89,Dining & Restaurants,Purchase at OLIVE GARDEN,OLIVE GARDEN,False,False,Restaurant,2025-10,2025,2025-10
2025-10-20,SAFEWAY,-100.8,17803.09,Groceries,Purchase at SAFEWAY,SAFEWAY,False,False,Grocery,2025-10,2025,2025-10
2025-10-28,SHELL GAS STATION,-43.85,17759.24,Gas & Transport,Purchase at SHELL GAS STATION,SHELL GAS STATION,False,False,Gas,2025-10,2025,2025-10
2025-11-01,EMPLOYER PAYCHECK,3449.0,21208.24,Income,Monthly salary,EMPLOYER PAYCHECK,False,False,Income,2025-11,2025,2025-11
2025-11-02,PANERA BREAD,-28.62,21179.62,Dining & Restaurants,Purchase at PANERA BREAD,PANERA BREAD,False,False,Restaurant,2025-11,2025,2025-11
2025-11-03,WHOLE FOODS MARKET,-126.9,21052.72,Groceries,Purchase at WHOLE FOODS MARKET,WHOLE FOODS MARKET,False,False,Grocery,2025-11,2025,2025-11
2025-11-05,LANDLORD RENT,-1500.0,19552.72,Housing,Monthly landlord rent,LANDLORD RENT,True,True,Other,2025-11,2025,2025-11
2025-11-10,NETFLIX SUBSCRIPTION,-14.99,19537.73,Subscriptions,Monthly netflix subscription,NETFLIX SUBSCRIPTION,True,False,Subscription,2025-11,2025,2025-11
2025-11-12,SPOTIFY PREMIUM,-9.99,19527.74,Subscriptions,Monthly spotify premium,SPOTIFY PREMIUM,True,False,Subscription,2025-11,2025,2025-11
2025-11-13,WHOLE FOODS MARKET,-105.17,19422.57,Groceries,Purchase at WHOLE FOODS MARKET,WHOLE FOODS MARKET,False,False,Grocery,2025-11,2025,2025-11
2025-11-13,WALMART,-86.84,19335.73,Shopping & Retail,Purchase at WALMART,WALMART,False,False,Retail,2025-11,2025,2025-11
2025-11-15,AWS CLOUD SERVICES,-50.0,19285.73,Utilities & Services,Monthly aws cloud services,AWS CLOUD SERVICES,True,False,Subscription,2025-11,2025,2025-11
2025-11-16,CHIPOTLE MEXICAN,-41.63,19244.1,Dining & Restaurants,Purchase at CHIPOTLE MEXICAN,CHIPOTLE MEXICAN,False,False,Restaurant,2025-11,2025,2025-11
2025-11-20,SUBWAY SANDWICHES,-18.04,19226.06,Dining & Restaurants,Purchase at SUBWAY SANDWICHES,SUBWAY SANDWICHES,False,False,Other,2025-11,2025,2025-11
2025-11-27,EXXON MOBIL,-55.65,19170.41,Gas & Transport,Purchase at EXXON MOBIL,EXXON MOBIL,False,False,Gas,2025-11,2025,2025-11
2025-11-28,CHEVRON GAS STATION,-41.36,19129.05,Gas & Transport,Purchase at CHEVRON GAS STATION,CHEVRON GAS STATION,False,False,Gas,2025-11,2025,2025-11
2025-12-01,EMPLOYER PAYCHECK,3537.0,22666.05,Income,Monthly salary,EMPLOYER PAYCHECK,False,False,Income,2025-12,2025,2025-12
2025-12-02,TRADER JOES,-138.02,22528.03,Groceries,Purchase at TRADER JOES,TRADER JOES,False,False,Grocery,2025-12,2025,2025-12
2025-12-02,PANERA BREAD,-40.39,22487.64,Dining & Restaurants,Purchase at PANERA BREAD,PANERA BREAD,False,False,Restaurant,2025-12,2025,2025-12
2025-12-02,HOME DEPOT,-97.94,22389.7,Shopping & Retail,Purchase at HOME DEPOT,HOME DEPOT,False,False,Retail,2025-12,2025,2025-12
2025-12-05,LANDLORD RENT,-1500.0,20889.7,Housing,Monthly landlord rent,LANDLORD RENT,True,True,Other,2025-12,2025,2025-12
2025-12-10,NETFLIX SUBSCRIPTION,-14.99,20874.71,Subscriptions,Monthly netflix subscription,NETFLIX SUBSCRIPTION,True,False,Subscription,2025-12,2025,2025-12
2025-12-10,EXXON MOBIL,-49.26,20825.45,Gas & Transport,Purchase at EXXON MOBIL,EXXON MOBIL,False,False,Gas,2025-12,2025,2025-12
2025-12-12,SPOTIFY PREMIUM,-9.99,20815.46,Subscriptions,Monthly spotify premium,SPOTIFY PREMIUM,True,False,Subscription,2025-12,2025,2025-12
2025-12-12,WHOLE FOODS MARKET,-99.31,20716.15,Groceries,Purchase at WHOLE FOODS MARKET,WHOLE FOODS MARKET,False,False,Grocery,2025-12,2025,2025-12
2025-12-15,AWS CLOUD SERVICES,-50.0,20666.15,Utilities & Services,Monthly aws cloud services,AWS CLOUD SERVICES,True,False,Subscription,2025-12,2025,2025-12
2025-12-16,COSTCO WHOLESALE,-49.28,20616.87,Groceries,Purchase at COSTCO WHOLESALE,COSTCO WHOLESALE,False,False,Grocery,2025-12,2025,2025-12
2025-12-19,STARBUCKS COFFEE,-32.84,20584.03,Dining & Restaurants,Purchase at STARBUCKS COFFEE,STARBUCKSFFEE,False,False,Coffee,2025-12,2025,2025-12
2025-12-19,EXXON MOBIL,-58.47,20525.56,Gas & Transport,Purchase at EXXON MOBIL,EXXON MOBIL,False,False,Gas,2025-12,2025,2025-12
2025-12-26,OLIVE GARDEN,-30.24,20495.32,Dining & Restaurants,Purchase at OLIVE GARDEN,OLIVE GARDEN,False,False,Restaurant,2025-12,2025,2025-12
